1773 2667
446 70 479 123 P
521 69 566 121 A
607 67 652 118 R
694 64 723 121 S
803 60 845 124 1ss
1181 84 1255 142 21]

530 203 556 246 5
585 197 766 240 XVIII.

271 309 786 354 THEOREMA
857 311 1024 354 XIX.

448 422 553 466 Libri
570 441 583 466 1
596 440 632 466 2.
652 423 853 480 Proposa}

10 525 12 604 j
99 543 156 577 De
165 538 385 579 circulorum
392 541 622 594 proportione
632 569 644 588 ‚
663 552 710 580 vt
721 540 979 581 diametrorum
990 540 1194 596 quadratas

10 647 11 650 ¹
122 654 201 695 Icet
218 652 318 708 apud
330 653 524 695 Euclidem
543 654 582 695 fit
593 655 630 695 in
649 654 754 695 libris
772 654 820 696 de
842 653 966 696 solidis
983 654 1061 696 haec
1081 654 1254 710 propoli-¹

50 764 56 766 ῃ
152 713 226 757 tio,
250 722 370 752 tamen
380 712 431 751 est
443 712 490 751 de
508 712 620 765 plana
637 711 950 766 figuracirculari.
970 726 1013 754 ac
1027 711 1251 766 speetansad
1272 745 1282 766 :z

38 764 138 809 hunc
149 768 309 808 nostrum
320 768 515 823 epilogum
528 769 830 822 planimetricum
839 799 850 810 .

11 848 14 866 =
97 826 196 867 Vide
206 825 561 867 demonstrauonem
574 841 619 868 ex
641 826 706 867 vsu
719 827 952 881 geometrico
961 826 1078 868 centri
1090 826 1254 882 grauita-

10 869 14 938 ᾗ
37 883 84 925 tis
98 883 201 937 apud
214 884 331 923 nosin
354 897 374 922 2
392 894 496 936 parte
513 883 661 924 hui-ium
675 885 818 931 Tom.§
832 887 854 925 8
871 885 920 925 ad
942 899 993 924 20
1015 883 1252 938 propos-lifi-

10 946 15 988 ζ
38 942 82 983 In
100 940 409 981 antecedentibus
427 940 805 982 demonstrationibus
818 941 927 983 huius
950 943 1103 996 Epilogi
1129 941 1254 982 Plani·

10 1016 16 1046 ς
37 999 201 1043 metrici,
225 996 386 1038 vsusfuit
404 998 587 1039 linearum
614 999 972 1053 perpendiculariter
992 1010 1177 1040 motarum
1201 997 1252 1039 ad

12 1057 13 1063 ’
36 1056 259 1110 quantitates
278 1082 288 1100 ,
309 1055 345 1092 ὅ(
365 1056 631 1108 proportiones
649 1055 852 1111 figurarum
874 1056 1069 1109 planarum
1091 1073 1101 1101 ς
1122 1058 1159 1095 in
1179 1056 1252 1096 hac

0 1151 1 1156 ,
36 1113 130 1153 vero
141 1113 324 1152 indicatur
335 1125 406 1166 pro
418 1112 529 1166 plana
547 1113 715 1154 circulari
726 1112 846 1168 figura
859 1113 941 1154 vsus
952 1114 1067 1154 centri
1086 1113 1252 1168 grauita-

0 1157 14 1218 Ι’
35 1170 82 1210 tis
102 1169 205 1209 lineae
231 1170 455 1210 circulariter
473 1180 585 1210 motae
602 1198 612 1216 ,
631 1184 675 1211 ac
694 1170 869 1225 signantis
898 1170 1164 1224 peripheriam.
1180 1172 1252 1210 ἃς.

0 1226 14 1284 ¹}
35 1228 219 1277 Qamuis
228 1225 457 1278 poffitetiam
469 1227 598 1266 reduci
607 1227 655 1267 ad
669 1227 770 1266 vium
781 1228 885 1266 lineae
894 1226 1251 1279 perpendiculariter

0 1242 7 1327 i
34 1294 166 1328 motae.
186 1282 375 1324 vtdieium
387 1283 440 1322 est
460 1282 508 1322 ad
521 1280 633 1323 finem
656 1296 675 1322 2
689 1283 794 1328 libri,
814 1283 902 1336 quia
915 1295 984 1335 pro
1004 1283 1247 1336 peripheria..

12 1341 162 1382 Ἰιηοτὺε
192 1341 309 1381 centri
338 1340 532 1394 grauitatis
558 1341 731 1395 quaeritur
756 1339 975 1393 peripheriae
1001 1338 1067 1392 ipfi
1094 1338 1249 1395 aequalis

13 1444 15 1450 ,
32 1397 237 1439 reaalinea
248 1425 259 1438 .
290 1397 409 1444 Quod
420 1397 456 1435 ἃ
467 1409 669 1439 commune
689 1396 789 1437 estin
801 1395 977 1437 omnibus
995 1395 1249 1437 rotationibus

12 1455 148 1502 {centri
160 1455 371 1510 grauitatis,
392 1467 473 1510 quae
483 1454 531 1495 ad
551 1458 686 1496 reoiam
705 1454 931 1495 reducuntur
948 1467 1025 1494 non
1036 1452 1154 1494 solum
1180 1454 1249 1494 in...

13 1507 173 1567 iplanis,
191 1510 375 1554 sedetiam
402 1514 441 1553 in
453 1510 580 1554 solidis
590 1511 741 1569 figuris,
761 1523 801 1554 vt
811 1512 849 1553 in
858 1510 932 1553 fine
953 1511 1112 1553 cit-liba
1133 1511 1245 1553 elem.

13 1583 19 1612 ε
35 1570 173 1611 ᾱὶόὶυιῑι
185 1570 236 1610 est
246 1600 256 1610 .

14 1653 18 1663 .
90 1630 164 1669 Hic
174 1627 289 1668 fauste
301 1626 613 1682 opin0r‚Epilogi
624 1626 875 1668 Planimetrici
890 1626 1023 1669 orbem
1032 1625 1246 1669 claudemus

13 1710 19 1723 .
34 1683 199 1726 merifica
210 1714 224 1733 ,
243 1687 279 1725 &
288 1683 544 1742 perfefflffirna
553 1684 672 1740 figura
680 1684 848 1725 circulari
859 1710 871 1723 .

0 1821 20 1923 ÷3

0 1959 2 1974 ὲ
484 1897 797 1964 Ξῑξὲἓὲῑέῑὲὲἒ
