1773 2667
22 128 24 131 ·
383 72 415 120 P
460 69 500 119 A
541 68 585 118 R
629 68 657 119 S
749 69 773 119 I
816 69 838 118 I
881 68 920 118 I·
1077 70 1079 72 ’
1197 80 1222 118 6
1242 88 1258 129 5

21 161 25 206 f
52 156 105 206 ὃ(
126 166 295 203 vertex
323 152 574 219 punfftum
598 150 670 208 C,
695 147 836 199 tertia
861 163 970 216 pars
994 144 1184 199 ostensa
1203 148 1272 199 est

22 253 24 281 3
51 230 291 302 prismatis
315 267 326 286 ,
350 229 488 278 cuius
526 224 647 278 bafis
674 230 715 278 A
732 229 824 279 BC
851 223 1158 297 triangulum
1180 265 1192 285 ‚
1215 230 1272 280 ὃς

51 304 438 380 oppofitumipfi
467 307 514 356 D
531 309 566 357 E
583 308 638 357 F.
669 310 723 358 ἃ.
738 305 958 379 pyramis
984 305 1156 376 igitur,
1186 323 1271 359 cu-

21 411 25 439 «-
51 390 126 440 ius
143 386 261 439 bafis
289 382 594 454 triangulum
629 387 667 435 A
686 389 721 436 B
737 389 807 443 C,
831 399 1001 436 vertex
1017 400 1189 437 autem
1216 386 1269 438 D

21 488 26 498 ’
51 471 298 538 Ρυηόὶωῃ
315 504 326 521 ,
339 465 479 514 tertia
496 481 604 531 pars
620 463 686 514 est
700 463 941 533 prismatis
954 461 1170 516 eandem
1184 461 1271 517 ba-

23 533 26 563 ³
51 544 138 597 sun
154 541 380 596 habentis
395 582 406 600 ,
422 539 656 594 videlicet
683 546 723 594 A
740 545 772 594 Β
788 545 833 594 C
862 539 1170 615 triangulum
1185 547 1269 606 ‚&

23 628 27 677 ἑ
51 621 335 693 oppofitum
357 619 440 691 ipsi
459 618 767 694 triangulum
793 621 946 674 DEF.

192 851 1129 916 COROLLARIVM.

169 1021 214 1068 X
261 1014 358 1067 hoc
385 1015 705 1068 manifestum
724 1018 790 1069 est
816 1035 1031 1069 omnem
1046 1019 1268 1090 pyrami-

25 1159 27 1163 ·
210 1094 330 1146 dem
357 1097 556 1147 tertiam
582 1111 778 1164 partem
807 1095 900 1149 esse
914 1095 1156 1166 prismatis
1183 1093 1270 1150 ba—

0 1210 8 1227 ,-
25 1170 28 1245 J
47 1174 136 1225 s1m
165 1171 389 1226 habentis
414 1173 656 1234 eandem,
685 1179 738 1227 &
764 1173 1085 1229 altitudinem
1105 1193 1268 1247 aequa-

0 1287 27 1305 -.
48 1250 174 1305 lem:
202 1253 447 1321 quoniam
465 1254 619 1302 etiam
643 1252 675 1302 fi
691 1251 1064 1321 bafisprismatis
1091 1252 1267 1306 aliam-2

0 1367 24 1401 ·.
49 1331 305 1401 quandam
337 1329 551 1402 figuram
586 1329 897 1382 reffilineam
920 1328 1150 1383 obtineat
1172 1371 1184 1390 ‚
1209 1334 1267 1385 &

0 1462 2 1466 ,
26 1444 30 1472 ·.
49 1406 325 1478 oppofitam
342 1407 427 1478 ipfi
441 1407 660 1460 eandem
675 1447 687 1468 ‚
701 1409 939 1462 diuiditur
951 1410 1002 1462 in
1017 1409 1265 1480 pristnaoe,

0 1514 5 1547 ς
27 1547 29 1551 ,
48 1506 155 1558 quae
181 1486 502 1560 triangulares
531 1485 668 1540 bases
694 1486 884 1541 habent
906 1529 919 1547 ,
943 1493 998 1541 δε
1022 1507 1132 1562 quae
1155 1486 1263 1559 ipfis

49 1583 397 1636 opponuntur.

465 1891 844 1986 aaa&

813 2192 874 2235 lii
1052 2171 1200 2235 πεο-
