1773 2667
436 36 898 91 PARSII.
1208 56 1266 97 37

60 114 173 155 stratae
187 111 371 157 veritatis,
387 109 451 152 sed
462 113 571 153 etiam
591 108 825 151 deficientem
836 111 872 150 in
884 106 1086 163 praecipu:*1‚
1111 109 1279 149 &admi-

60 172 177 213 randa
190 181 293 225 parte
305 170 555 210 Geometricae
568 167 837 222 Philosophiae‚
848 167 922 208 hoc
933 167 984 206 est
996 168 1034 206 in
1044 168 1277 221 cognitione,

63 231 98 268 &
120 227 430 282 proportionibus
447 254 458 271 ‚
478 227 516 265 &
535 224 826 267 dimensionibus
848 253 859 271 ,
881 226 917 264 δε
937 225 1020 277 alijs
1039 225 1279 279 geometricis

63 285 318 329 affectionibus
335 285 432 324 circa
444 282 652 336 superficies
662 297 788 324 curuas
800 313 810 330 ,
831 283 880 323 ad
891 295 983 338 quas
997 280 1278 323 indiuifibiiium

61 358 136 398 ope
159 345 272 396 inope
292 342 501 395 pertingere
515 354 590 380 non
602 340 720 381 valet.
754 341 885 381 Curua
897 339 1017 394 planis
1035 352 1254 392 comparare
1268 369 1278 385 ,

62 414 226 457 aequare,
247 399 580 443 commutare,&c.
605 398 724 453 magis
744 398 877 438 mirum
896 426 907 443 ‚
921 410 964 437 ac
985 397 1184 437 iucundum
1205 397 1278 442 est,

63 460 176 514 quzim
195 455 610 497 curuilineisterminata
631 457 740 508 plana
753 456 948 496 rectilineis
968 454 1085 508 planis
1097 453 1278 509 aequaliae,

62 513 257 555 ostendere
277 541 288 560 ,
311 514 411 554 velut
431 513 607 553 circulum
627 513 810 567 quadrare
829 540 840 552 .
874 513 993 552 Cuius
1013 510 1166 552 solertiae
1187 524 1280 565 qua-

63 573 223 621 dratorie
235 583 430 611 cumarum
441 568 714 624 superficierum
725 570 837 611 breue
851 569 1036 623 specimen
1055 564 1204 608 inferius
1215 570 1281 608 in..

65 630 90 677 §
109 643 156 679 29
170 628 269 680 apud
280 641 349 669 nos
359 642 425 682 per
435 629 590 668 modum
601 628 789 679 corollarij
804 627 981 671 nabebis,
1000 638 1141 679 vtopes
1153 626 1280 679 legiti-

64 700 128 728 mae
138 714 148 732 ,
164 687 379 740 &inopiam
390 685 518 726 fucatae
529 685 757 725 Geometriae
769 685 894 738 paucis
906 685 1086 724 indicatas
1097 682 1281 735 dispicias.

64 745 194 785 Praeter
205 744 309 796 plura
322 743 395 784 alia
407 744 501 784 circa
521 743 559 782 id
570 754 830 797 argumentum
850 743 886 781 in
899 740 981 781 sect.
1000 758 1032 786 x,
1052 743 1087 781 8<
1101 754 1120 780 2
1143 743 1279 781 stereo-

64 803 202 842 metrici
214 801 325 841 nostri
345 801 506 841 Breuiari
510 803 522 852 j
532 828 542 846 ,
563 800 600 839 in
614 816 632 840 2
650 811 752 853 parte
764 799 825 839 hu.
832 813 850 850 3
864 800 997 839 Tomi.

119 861 229 899 Hanc
249 858 340 899 vero
380 869 493 898 artem
505 858 753 897 Geometricae
768 855 1015 911 philosophia?
1028 855 1074 896 de
1090 856 1211 896 curuis
1222 853 1278 896 su-

61 914 283 970 perficiebus
294 871 466 956 effcpolere
478 915 608 968 (quod
618 914 695 955 fieri
708 915 837 969 nequit
851 928 915 968 per
927 912 1160 954 indiuifibilia
1172 941 1184 960 ‚
1197 916 1274 968 R

63 974 168 1028 quod
186 971 359 1014 faciliime
370 970 409 1011 fit
427 972 588 1012 &centro
607 973 846 1027 grauitatisin
866 971 1019 1011 infinitis
1040 983 1217 1015 numero,
1239 971 1276 1009 &

61 1029 182 1085 specie
193 1031 318 1070 mixtis
328 1028 435 1070 lineis
447 1031 588 1083 gyratis
600 1057 609 1074 ‚
631 1032 666 1068 ὅ(
676 1043 807 1075 curuas
818 1028 1052 1082 pluriformes
1067 1026 1275 1082 superficies

62 1086 380 1141 producentibfis)
397 1089 499 1127 cuius
510 1087 547 1127 in
560 1087 811 1128 Geometricis
827 1086 1030 1127 Elementis
1041 1087 1152 1131 nulla,
1163 1087 1200 1124 δε
1211 1098 1274 1126 ex-

61 1156 116 1185 tra
129 1144 310 1184 elementa
330 1146 393 1184 vix
413 1143 535 1199 aliqua
555 1156 685 1185 extant
704 1144 878 1198 vestigia,
897 1144 935 1183 id
948 1143 1033 1183 vere
1043 1144 1094 1183 est
1107 1145 1275 1185 Geome-

60 1202 186 1241 tricarn
199 1199 481 1254 Philosophiam
493 1215 717 1254 promouere
728 1228 737 1245 ,
750 1199 943 1252 praesertim
961 1212 1116 1252 propter
1127 1200 1277 1253 praecla-

59 1255 190 1299 riffima
209 1257 407 1297 corollaria
425 1257 512 1297 inde
523 1257 701 1301 deducta,
725 1257 851 1309 qualia
863 1256 981 1295 habes
1001 1255 1154 1297 inferius
1175 1256 1277 1310 apud

56 1327 126 1356 nos
136 1316 173 1356 in
184 1315 307 1369 priore
319 1326 423 1369 parte
436 1312 604 1355 sectionis
619 1328 638 1353 2
650 1313 1066 1355 cit.ssreuiar.stereom.

549 1429 574 1477 §
606 1430 786 1471 XXIII.

296 1543 444 1586 Contra
461 1543 722 1586 definitionem
749 1557 791 1594 15
822 1542 870 1584 de
889 1541 1031 1584 circulo

449 1601 556 1644 fucus
582 1604 878 1657 ageometn'cus.

69 1730 83 1756 1
235 1718 380 1771 Ntiqua
389 1728 458 1756 tua
469 1717 543 1768 ista
549 1718 767 1772 geometrica
776 1715 952 1754 elementa
964 1741 971 1756 .
982 1725 1057 1768 quae
1061 1723 1129 1766 pro
1131 1709 1251 1762 fiteris
1261 1739 1272 1757 ,

122 1714 233 1824 A
264 1787 306 1812 ac
315 1773 497 1828 tantoperb
507 1779 624 1814 tueris
636 1805 641 1813 .
658 1771 855 1825 mam'ftst}
865 1783 1028 1810 vtuntur
1039 1767 1273 1818 indtugsibilt'-

64 1829 132 1869 bus
144 1857 154 1868 .
186 1837 286 1867 Dum
294 1833 387 1871 enim
396 1832 572 1884 definitur
590 1832 749 1870 circulus
759 1830 811 1868 ad
817 1832 922 1867 cuius
929 1828 1176 1882 pert'phcriam
1188 1838 1272 1866 om-

63 1899 130 1926 nes
148 1886 251 1925 lineae
267 1885 288 1925 ἃ
307 1899 435 1927 centro
455 1893 533 1929 lunt
553 1890 712 1943 aequales
731 1915 740 1932 ‚
759 1886 956 1937 manifest&
967 1887 1176 1939 supponunt
1198 1910 1207 1928 .
1226 1881 1271 1928 d*-

62 1943 247 1996 vsurpant
257 1943 309 1982 ad
323 1945 450 1983 circuli
460 1950 692 2000 cognitionem
714 1942 951 1993 indiuistbilia
967 1945 1085 1982 omnia
1097 1971 1106 1986 ,
1125 1940 1215 1991 idest
1225 1941 1271 1977 lie

62 2013 149 2039 neas
169 2014 302 2047 omncs,
320 2004 360 2042 in
378 2015 470 2056 quas
489 2006 660 2041 minimas
670 2000 844 2055 secabilis
865 2001 916 2054 est
934 2000 1127 2041 circularis
1138 1997 1274 2052 super-

61 2058 189 2111 ficies.

128 2129 146 2155 2
212 2116 326 2155 Paria
344 2117 454 2156 etiam
463 2115 573 2156 habes
587 2118 626 2158 in
637 2114 698 2157 lib,
708 2132 721 2156 1
736 2131 749 2156 1
759 2114 983 2166 .elem.defin.
988 2126 1023 2166 3.
1038 2115 1122 2154 dum
1132 2112 1275 2163 definit.

1086 2171 1218 2213 lineam

1314 938 1439 963 Promona

1299 976 1328 1003 in
1346 975 1441 1010 infim'.

1299 1024 1358 1044 tam
1373 1019 1440 1042 Ceo-

1298 1056 1398 1084 metria
1407 1063 1441 1082 ex

1298 1095 1351 1132 “osu
1383 1103 1442 1131 geo.

1299 1136 1410 1164 metrico

1299 1176 1442 1211 eenm‘gm

1300 1217 1412 1246 uitatis.
