1846 2698
125 169 306 223 darum
330 165 623 240 prudentia,
644 163 989 218 Ecclehasticae
1010 163 1276 239 disciplinae

125 248 289 300 nitore
315 239 668 297 lllustriffimus
689 243 895 304 Praesul,
906 246 959 295 &
984 241 1166 295 futuris
1180 246 1278 295 etia

127 321 312 377 saecuhs
327 320 559 374 veredum
573 320 707 372 Alter
722 320 877 394 est(vt
890 336 1053 386 cetera
1066 318 1278 392 vtriusq3

127 400 269 452 sexus
295 397 557 471 Eugubina
582 399 746 469 capita
775 400 1065 451 ommittam
1091 398 1282 450 Saneti-

128 492 228 528 tate
244 475 480 544 Illustria)
503 473 840 526 Sanehffimus
858 473 1085 527 Vbaldus
1105 478 1282 547 Euguo

128 552 277 605 binus
305 552 601 623 Episcopus,
658 551 865 620 Qibus
893 552 1097 604 tertium
1123 567 1200 615 te,
1222 568 1281 604 ac

129 628 394 702 supparem
411 627 517 680 fore
536 646 621 681 tua
643 646 690 680 te
706 632 865 700 {perat
881 629 1062 688 Patria3
1076 644 1133 682 vt
1147 647 1282 700 quo-

128 725 243 758 rum
263 708 491 756 Virtutes
509 706 732 756 imitatus
749 704 898 758 fueris
911 747 925 769 ,
941 708 1091 758 etiam
1110 703 1281 758 faelici-

128 784 243 836 tatis
256 783 459 854 praemia
477 780 817 853 consequaris.

206 862 261 911 In
281 859 374 910 hac
394 858 593 929 publica
616 858 676 910 de
698 875 745 910 te
773 855 877 932 spe,
893 878 950 912 ac
968 878 1059 932 pro
1082 876 1130 912 te
1152 876 1281 914 voto

124 935 357 1008 Epistolae
383 934 560 988 orbem
589 935 769 987 claudo
785 977 799 999 ,
818 956 876 989 ac
892 936 1282 991 venerabundus

124 1010 330 1065 obsecro
350 1054 364 1076 ,
389 1029 446 1065 vt
478 1010 890 1083 Philosophicum
917 1014 1074 1066 hocce
1096 1031 1281 1066 munus

129 1091 228 1141 tuis
253 1090 431 1148 muniis
449 1125 463 1149 ,
483 1106 540 1140 ac
564 1085 895 1161 dignitatibus
919 1087 1276 1162 aptissimum„

127 1181 227 1218 tuae
241 1166 289 1219 in
320 1169 356 1216 A
370 1166 607 1218 uthorern
624 1166 964 1236 (auunculum
984 1185 1156 1218 meum
1172 1185 1283 1219 ma-

127 1239 354 1310 ternum)
371 1241 734 1293 beneuolentiae
751 1241 927 1294 debitfi
941 1258 1281 1314 ,perpetuum

124 1317 375 1371 Authoris
391 1335 510 1392 erga
540 1336 588 1371 te
612 1316 885 1370 humillimi
914 1318 1140 1392 obsequii
1168 1337 1283 1372 mo-

125 1411 460 1456 numentum,
481 1395 530 1447 in
552 1396 627 1448 tui
646 1396 909 1466 patrocinii
937 1392 1280 1448 mitissimum..

128 1468 291 1525 finum
306 1473 572 1525 admittere
589 1490 655 1525 ne
673 1474 922 1545 grauem,
933 1475 989 1525 &
1007 1469 1282 1527 diutiffime

127 1546 264 1601 bono
281 1546 487 1621 publico
506 1550 685 1607 valen,
704 1565 761 1601 ac
773 1547 1041 1621 sospitetis.

206 1627 398 1679 Bonon.
422 1625 656 1680 Kalendis
672 1626 967 1680 Decembris
991 1631 1137 1695 1647.

286 1933 678 2002 Humiliffimus,
689 1938 742 1991 &
755 1936 1000 1992 addiffiss.
1015 1939 1202 1992 Seruus

625 2092 865 2151 Antonius
883 2092 1066 2150 Maria
1081 2092 1276 2151 Nellus.
